% https://www.jocolibrary.org/makerspace/3d-printing
@online{3d_printing_joco,
  author = {\relax Johnson County Library},
  title = {Makerspace {3D} Printing},
  year = 2017,
  url = {https://www.jocolibrary.org/makerspace/3d-printing},
  urldate = {2017-12-05}
}
% https://it.mst.edu/services/3d-print/
@online{3d_printing_mst,
  author = {\relax Missouri S\&T},
  title = {{3D} Printing for Students},
  year = 2017,
  url = {https://it.mst.edu/services/3d-print/},
  urldate = {2017-12-05}
}
% http://blogs.solidworks.com/tech/2015/05/preparing-solidworks-models-3d-printing.html
@online{3d_printing_mesh,
  author = {Nick Jones},
  title = {Preparing SOLIDWORKS Models for 3D Printing},
  year = 2015,
  month = May,
  day = 4,
  url = {http://www.solidsolutions.co.uk/Uploaded/Image/BLOG-PICS/Nick%20Jones/SOLIDWOKRS-Blog-3D-Printing-STL-Res-Type.JPG},
  urldate = {2017-12-05}
}
%https://www.thingiverse.com/thing:2493038
@online{model_groot,
  author = {Richard Tracy},
  title = {STL Model of Baby Groot},
  year = 2017,
  month = Aug,
  day = 20,
  url = {https://www.thingiverse.com/thing:2493038},
  urldate = {2017-12-05}
}
%https://www.thingiverse.com/thing:26922
@online{model_rasbpi,
  author = {Wrightma},
  title = {STL Model of Raspberry Pi Case},
  year = 2012,
  month = Jul,
  day = 16,
  url = {https://www.thingiverse.com/thing:26922},
  urldate = {2017-12-05}
}
%https://www.thingiverse.com/thing:471818
@online{model_batarang,
  author = {Josh Phillips},
  title = {STL Model of Batarang},
  year = 2014,
  month = Sep,
  day = 22,
  url = {https://www.thingiverse.com/thing:471818},
  urldate = {2017-12-05}
}
%https://ultimaker.com/en/products/ultimaker-cura-software
@online{cura,
  author = {Ultimaker},
  title = {Ultimaker Cura Software},
  year = 2017,
  url = {https://ultimaker.com/en/products/ultimaker-cura-software},
  urldate = {2017-12-05}
}
@ARTICLE{ea_param_overview, 
author={T. BÃ¤ck and H. P. Schwefel}, 
journal={Evolutionary Computation}, 
title={An Overview of Evolutionary Algorithms for Parameter Optimization}, 
year={1993}, 
volume={1}, 
number={1}, 
pages={1-23}, 
keywords={}, 
doi={10.1162/evco.1993.1.1.1}, 
ISSN={1063-6560}, 
month={March},
}
%http://partow.net/programming/bitmap/
@online{bmp_library,
  author = {Arash Partow},
  title = {C++ Bitmap Library},
  url = {http://partow.net/programming/bitmap/},
  urldate = {2017-12-05}
}
% CS5401 textbook
@book{cs5401_textbook,
  author = {A.E. Eiben and J.E. Smith},
  title = {Introduction to Evolutionary Computing},
  series = {Natural Computing Series},
  edition = {Second Edition},
  publisher = {Springer},
  year = {2015},
}